@article{mayor2011harps,
  title={The HARPS search for southern extra-solar planets XXXIV. Occurrence, mass distribution and orbital properties of super-Earths and Neptune-mass planets},
  author={Mayor, Michel and Marmier, M and Lovis, Ch and Udry, S and S{\'e}gransan, D and Pepe, F and Benz, W and Bertaux, J-L and Bouchy, F and Dumusque, X and others},
  journal={arXiv preprint arXiv:1109.2497},
  year={2011}
}

@article{cumming2008keck,
  title={The Keck planet search: detectability and the minimum mass and orbital period distribution of extrasolar planets},
  author={Cumming, Andrew and Butler, R Paul and Marcy, Geoffrey W and Vogt, Steven S and Wright, Jason T and Fischer, Debra A},
  journal={Publications of the Astronomical Society of the Pacific},
  volume={120},
  number={867},
  pages={531},
  year={2008},
  publisher={IOP Publishing}
}

@article{howard2012planet,
  title={Planet occurrence within 0.25 AU of solar-type stars from Kepler},
  author={Howard, Andrew W and Marcy, Geoffrey W and Bryson, Stephen T and Jenkins, Jon M and Rowe, Jason F and Batalha, Natalie M and Borucki, William J and Koch, David G and Dunham, Edward W and Gautier III, Thomas N and others},
  journal={The Astrophysical Journal Supplement Series},
  volume={201},
  number={2},
  pages={15},
  year={2012},
  publisher={IOP Publishing}
}

@article{marcy2008exoplanet,
  title={Exoplanet properties from Lick, Keck and AAT},
  author={Marcy, GW and Butler, RP and Vogt, SS and Fischer, DA and Wright, JT and Johnson, JA and Tinney, CG and Jones, HRA and Carter, BD and Bailey, J and others},
  journal={Physica Scripta},
  volume={2008},
  number={T130},
  pages={014001},
  year={2008},
  publisher={IOP Publishing}
}
